[{"type": "trade", "source": "Binance", "user": "REAL-MONEY", "price": 176.33080703523015, "vol_usd": 45.29999999999927, "timestamp": 1764032683.6261554}, {"type": "trade", "source": "Binance", "user": "HT2424", "price": 176.3208058550909, "vol_usd": 5196.989999999998, "timestamp": 1764032683.6261878}, {"type": "trade", "source": "Binance", "user": "McM p7", "price": 176.3208058550909, "vol_usd": 38082.259999999995, "timestamp": 1764032683.6262095}, {"type": "trade", "source": "Binance", "user": "SKY-blue77", "price": 176.3208058550909, "vol_usd": 21814.90999999999, "timestamp": 1764032683.6262183}, {"type": "trade", "source": "Binance", "user": "TawekalTrade", "price": 176.3208058550909, "vol_usd": 2438.9400000000023, "timestamp": 1764032683.626229}, {"type": "trade", "source": "Binance", "user": "Aslam72", "price": 176.3208058550909, "vol_usd": 9196.919999999998, "timestamp": 1764032683.6262515}, {"type": "trade", "source": "Binance", "user": "ETHO  KENYAA", "price": 176.3208058550909, "vol_usd": 1300.0699999999997, "timestamp": 1764032683.6262608}, {"type": "trade", "source": "Binance", "user": "Always-trade", "price": 176.3208058550909, "vol_usd": 1304771.33, "timestamp": 1764032683.6262758}, {"type": "trade", "source": "Binance", "user": "Amana_Traders ", "price": 176.3208058550909, "vol_usd": 8264.689999999988, "timestamp": 1764032683.626292}, {"type": "trade", "source": "Binance", "user": "Ambasel ", "price": 176.3208058550909, "vol_usd": 148182.56999999998, "timestamp": 1764032683.6263404}, {"type": "trade", "source": "Binance", "user": "daily hustler ", "price": 175.57071734464668, "vol_usd": 17722.190000000002, "timestamp": 1764032683.6263978}, {"type": "trade", "source": "Binance", "user": "daily hustler ", "price": 175.57071734464668, "vol_usd": 4761.830000000002, "timestamp": 1764032683.626406}, {"type": "trade", "source": "Binance", "user": "GO_UP_GO", "price": 174.79062529378467, "vol_usd": 57.949999999953434, "timestamp": 1764032683.626474}, {"type": "trade", "source": "Binance", "user": "Eye-Trader", "price": 174.63060641155656, "vol_usd": 866.6000000000004, "timestamp": 1764032683.6265078}, {"type": "trade", "source": "Binance", "user": "ETHIO USD", "price": 174.63060641155656, "vol_usd": 778.3099999999977, "timestamp": 1764032683.6265166}, {"type": "trade", "source": "Binance", "user": "ETHIO USD", "price": 174.63060641155656, "vol_usd": 3982.779999999999, "timestamp": 1764032683.6265228}, {"type": "trade", "source": "Binance", "user": "ETHIO_TRADER_01", "price": 176.33433413811105, "vol_usd": 58.710000000002765, "timestamp": 1764035093.804044}, {"type": "trade", "source": "Binance", "user": "HT2424", "price": 176.3243327579206, "vol_usd": 6506.579999999998, "timestamp": 1764035093.8040733}, {"type": "trade", "source": "Binance", "user": "McM p7", "price": 176.3243327579206, "vol_usd": 39240.2, "timestamp": 1764035093.804093}, {"type": "trade", "source": "Binance", "user": "SKY-blue77", "price": 176.3243327579206, "vol_usd": 21814.90999999999, "timestamp": 1764035093.8041005}, {"type": "trade", "source": "Binance", "user": "Aslam72", "price": 176.3243327579206, "vol_usd": 9226.869999999995, "timestamp": 1764035093.8041263}, {"type": "trade", "source": "Binance", "user": "ETHO  KENYAA", "price": 176.3243327579206, "vol_usd": 1300.0699999999997, "timestamp": 1764035093.804144}, {"type": "trade", "source": "Binance", "user": "REAL-MONEY", "price": 176.3243327579206, "vol_usd": 425.3600000000006, "timestamp": 1764035093.8041592}, {"type": "trade", "source": "Binance", "user": "Always-trade", "price": 176.3243327579206, "vol_usd": 1304771.33, "timestamp": 1764035093.8041716}, {"type": "trade", "source": "Binance", "user": "Amana_Traders ", "price": 176.3243327579206, "vol_usd": 8264.689999999988, "timestamp": 1764035093.8041832}, {"type": "trade", "source": "Binance", "user": "The Flash ETB ", "price": 176.3243327579206, "vol_usd": 939.9499999999971, "timestamp": 1764035093.8042245}, {"type": "trade", "source": "Binance", "user": "Ambasel ", "price": 176.3243327579206, "vol_usd": 148182.56999999998, "timestamp": 1764035093.804245}, {"type": "trade", "source": "Binance", "user": "daily hustler ", "price": 175.57422924363564, "vol_usd": 17722.190000000002, "timestamp": 1764035093.8043108}, {"type": "trade", "source": "Binance", "user": "daily hustler ", "price": 175.57422924363564, "vol_usd": 4761.830000000002, "timestamp": 1764035093.8043234}, {"type": "trade", "source": "Binance", "user": "Eye-Trader", "price": 174.6340995057318, "vol_usd": 866.6000000000004, "timestamp": 1764035093.8044374}, {"type": "trade", "source": "Binance", "user": "ETHIO USD", "price": 174.6340995057318, "vol_usd": 778.3099999999977, "timestamp": 1764035093.804454}, {"type": "trade", "source": "Binance", "user": "ETHIO USD", "price": 174.6340995057318, "vol_usd": 3982.779999999999, "timestamp": 1764035093.8044624}]