[{"type": "trade", "source": "Binance", "user": "ETHIO_TRADER_01", "price": 176.35849858711146, "vol_usd": 106.04999999999927, "timestamp": 1764049700.02275}, {"type": "trade", "source": "Binance", "user": "HT2424", "price": 176.348495836355, "vol_usd": 6668.48, "timestamp": 1764049700.0227797}, {"type": "trade", "source": "Binance", "user": "SPECIAL-GIFT", "price": 176.348495836355, "vol_usd": 499.9500000000007, "timestamp": 1764049700.022791}, {"type": "trade", "source": "Binance", "user": "AaaaaaaaFast", "price": 176.348495836355, "vol_usd": 38.89999999999418, "timestamp": 1764049700.0227985}, {"type": "trade", "source": "Binance", "user": "McM p7", "price": 176.348495836355, "vol_usd": 42850.81999999999, "timestamp": 1764049700.0228033}, {"type": "trade", "source": "Binance", "user": "SKY-blue77", "price": 176.348495836355, "vol_usd": 21864.86, "timestamp": 1764049700.0228112}, {"type": "trade", "source": "Binance", "user": "Aslam72", "price": 176.348495836355, "vol_usd": 9383.729999999996, "timestamp": 1764049700.0228379}, {"type": "trade", "source": "Binance", "user": "ETHO  KENYAA", "price": 176.348495836355, "vol_usd": 1300.0699999999997, "timestamp": 1764049700.0228472}, {"type": "trade", "source": "Binance", "user": "Always-trade", "price": 176.348495836355, "vol_usd": 1304891.15, "timestamp": 1764049700.02286}, {"type": "trade", "source": "Binance", "user": "Amana_Traders ", "price": 176.348495836355, "vol_usd": 8264.689999999988, "timestamp": 1764049700.0228698}, {"type": "trade", "source": "Binance", "user": "real_cryptoo", "price": 176.348495836355, "vol_usd": 185.90000000000146, "timestamp": 1764049700.0229008}, {"type": "trade", "source": "Binance", "user": "Super_trader9", "price": 176.348495836355, "vol_usd": 908.9499999999825, "timestamp": 1764049700.0229228}, {"type": "trade", "source": "Binance", "user": "Ambasel ", "price": 176.348495836355, "vol_usd": 148155.72, "timestamp": 1764049700.0229342}, {"type": "trade", "source": "Binance", "user": "Ambasel ", "price": 176.348495836355, "vol_usd": 10.290000000008149, "timestamp": 1764049700.0229442}, {"type": "trade", "source": "Binance", "user": "daily hustler ", "price": 175.59828952962067, "vol_usd": 17722.190000000002, "timestamp": 1764049700.0229983}, {"type": "trade", "source": "Binance", "user": "daily hustler ", "price": 175.59828952962067, "vol_usd": 4761.830000000002, "timestamp": 1764049700.023011}, {"type": "trade", "source": "Binance", "user": "Eye-Trader", "price": 174.65803095851362, "vol_usd": 866.6000000000004, "timestamp": 1764049700.02311}, {"type": "trade", "source": "Binance", "user": "ETHIO USD", "price": 174.65803095851362, "vol_usd": 778.3099999999977, "timestamp": 1764049700.0231247}, {"type": "trade", "source": "Binance", "user": "ETHIO USD", "price": 174.65803095851362, "vol_usd": 3982.779999999999, "timestamp": 1764049700.0231316}, {"type": "trade", "source": "Binance", "user": "HT2424", "price": 176.3447915770606, "vol_usd": 6668.48, "timestamp": 1764050170.998334}, {"type": "trade", "source": "Binance", "user": "AaaaaaaaFast", "price": 176.3447915770606, "vol_usd": 27.10000000000582, "timestamp": 1764050170.9983675}, {"type": "trade", "source": "Binance", "user": "McM p7", "price": 176.3447915770606, "vol_usd": 43650.76999999999, "timestamp": 1764050170.998375}, {"type": "trade", "source": "Binance", "user": "SKY-blue77", "price": 176.3447915770606, "vol_usd": 21864.86, "timestamp": 1764050170.9983811}, {"type": "trade", "source": "Binance", "user": "Aslam72", "price": 176.3447915770606, "vol_usd": 9493.769999999997, "timestamp": 1764050170.9983969}, {"type": "trade", "source": "Binance", "user": "ETHO  KENYAA", "price": 176.3447915770606, "vol_usd": 1300.0699999999997, "timestamp": 1764050170.998402}, {"type": "trade", "source": "Binance", "user": "Always-trade", "price": 176.3447915770606, "vol_usd": 1304891.15, "timestamp": 1764050170.998416}, {"type": "trade", "source": "Binance", "user": "Amana_Traders ", "price": 176.3447915770606, "vol_usd": 8264.689999999988, "timestamp": 1764050170.9984314}, {"type": "trade", "source": "Binance", "user": "Ambasel ", "price": 176.3447915770606, "vol_usd": 148145.43, "timestamp": 1764050170.9984782}, {"type": "trade", "source": "Binance", "user": "daily hustler ", "price": 175.5946010286613, "vol_usd": 18149.14, "timestamp": 1764050170.998535}, {"type": "trade", "source": "Binance", "user": "daily hustler ", "price": 175.5946010286613, "vol_usd": 4761.830000000002, "timestamp": 1764050170.9985452}, {"type": "trade", "source": "Binance", "user": "Eye-Trader", "price": 174.65436220800083, "vol_usd": 866.6000000000004, "timestamp": 1764050170.9986484}, {"type": "trade", "source": "Binance", "user": "ETHIO USD", "price": 174.65436220800083, "vol_usd": 778.3099999999977, "timestamp": 1764050170.9986634}, {"type": "trade", "source": "Binance", "user": "ETHIO USD", "price": 174.65436220800083, "vol_usd": 3982.779999999999, "timestamp": 1764050170.99867}, {"type": "trade", "source": "Binance", "user": "p2p treder2", "price": 174.65436220800083, "vol_usd": 2099.949999999997, "timestamp": 1764050170.9986818}, {"type": "trade", "source": "Binance", "user": "ETHIO_TRADER_01", "price": 176.34650372627132, "vol_usd": 28.950000000000728, "timestamp": 1764050885.4799876}, {"type": "trade", "source": "Binance", "user": "HT2424", "price": 176.33650165584277, "vol_usd": 6668.48, "timestamp": 1764050885.4800215}, {"type": "trade", "source": "Binance", "user": "AaaaaaaaFast", "price": 176.33650165584277, "vol_usd": 49.94999999999709, "timestamp": 1764050885.4800386}, {"type": "trade", "source": "Binance", "user": "McM p7", "price": 176.33650165584277, "vol_usd": 43650.76999999999, "timestamp": 1764050885.4800444}, {"type": "trade", "source": "Binance", "user": "McM p7", "price": 176.33650165584277, "vol_usd": 191.9499999999971, "timestamp": 1764050885.4800494}, {"type": "trade", "source": "Binance", "user": "SKY-blue77", "price": 176.33650165584277, "vol_usd": 21864.86, "timestamp": 1764050885.4800544}, {"type": "trade", "source": "Binance", "user": "Aslam72", "price": 176.33650165584277, "vol_usd": 9493.769999999997, "timestamp": 1764050885.4800816}, {"type": "trade", "source": "Binance", "user": "ETHO  KENYAA", "price": 176.33650165584277, "vol_usd": 1300.0699999999997, "timestamp": 1764050885.4800925}, {"type": "trade", "source": "Binance", "user": "ETHO  KENYAA", "price": 176.33650165584277, "vol_usd": 999.9499999999998, "timestamp": 1764050885.4801047}, {"type": "trade", "source": "Binance", "user": "Always-trade", "price": 176.33650165584277, "vol_usd": 1304891.15, "timestamp": 1764050885.4801176}, {"type": "trade", "source": "Binance", "user": "Amana_Traders ", "price": 176.33650165584277, "vol_usd": 8264.689999999988, "timestamp": 1764050885.4801278}, {"type": "trade", "source": "Binance", "user": "Ambasel ", "price": 176.33650165584277, "vol_usd": 148145.43, "timestamp": 1764050885.4801745}, {"type": "trade", "source": "Binance", "user": "MAYA-Bit", "price": 176.33650165584277, "vol_usd": 331.5799999999981, "timestamp": 1764050885.4801984}, {"type": "trade", "source": "Binance", "user": "daily hustler ", "price": 175.58634637369937, "vol_usd": 18149.14, "timestamp": 1764050885.4802465}, {"type": "trade", "source": "Binance", "user": "daily hustler ", "price": 175.58634637369937, "vol_usd": 4761.830000000002, "timestamp": 1764050885.4802637}, {"type": "trade", "source": "Binance", "user": "GO_UP_GO", "price": 174.80618488027022, "vol_usd": 39.95999999996275, "timestamp": 1764050885.480357}, {"type": "trade", "source": "Binance", "user": "Eye-Trader", "price": 174.64615175341297, "vol_usd": 866.6000000000004, "timestamp": 1764050885.4804065}, {"type": "trade", "source": "Binance", "user": "ETHIO USD", "price": 174.64615175341297, "vol_usd": 778.3099999999977, "timestamp": 1764050885.4804184}, {"type": "trade", "source": "Binance", "user": "ETHIO USD", "price": 174.64615175341297, "vol_usd": 3982.779999999999, "timestamp": 1764050885.480427}, {"type": "trade", "source": "Binance", "user": "REAL-MONEY", "price": 176.33856684782936, "vol_usd": 252.89999999999782, "timestamp": 1764051706.6224308}, {"type": "trade", "source": "Binance", "user": "HT2424", "price": 176.32856522756688, "vol_usd": 6723.43, "timestamp": 1764051706.622467}, {"type": "trade", "source": "Binance", "user": "AaaaaaaaFast", "price": 176.32856522756688, "vol_usd": 13.349999999998545, "timestamp": 1764051706.6224883}, {"type": "trade", "source": "Binance", "user": "McM p7", "price": 176.32856522756688, "vol_usd": 43458.81999999999, "timestamp": 1764051706.6224968}, {"type": "trade", "source": "Binance", "user": "SKY-blue77", "price": 176.32856522756688, "vol_usd": 21864.86, "timestamp": 1764051706.6225064}, {"type": "trade", "source": "Binance", "user": "sayid12", "price": 176.32856522756688, "vol_usd": 5.950000000000728, "timestamp": 1764051706.622532}, {"type": "trade", "source": "Binance", "user": "Aslam72", "price": 176.32856522756688, "vol_usd": 9524.96, "timestamp": 1764051706.6225443}, {"type": "trade", "source": "Binance", "user": "Aslam72", "price": 176.32856522756688, "vol_usd": 9.94999999999709, "timestamp": 1764051706.6225526}, {"type": "trade", "source": "Binance", "user": "ETHO  KENYAA", "price": 176.32856522756688, "vol_usd": 300.1199999999999, "timestamp": 1764051706.6225634}, {"type": "trade", "source": "Binance", "user": "Always-trade", "price": 176.32856522756688, "vol_usd": 1304891.15, "timestamp": 1764051706.6225784}, {"type": "trade", "source": "Binance", "user": "Amana_Traders ", "price": 176.32856522756688, "vol_usd": 8264.689999999988, "timestamp": 1764051706.6225893}, {"type": "trade", "source": "Binance", "user": "Zenith-UA", "price": 176.32856522756688, "vol_usd": 14.94999999999709, "timestamp": 1764051706.6226206}, {"type": "trade", "source": "Binance", "user": "Ambasel ", "price": 176.32856522756688, "vol_usd": 148142.56999999998, "timestamp": 1764051706.6226504}, {"type": "trade", "source": "Binance", "user": "MAYA-Bit", "price": 176.32856522756688, "vol_usd": 99.95000000000073, "timestamp": 1764051706.6226654}, {"type": "trade", "source": "Binance", "user": "Geesi", "price": 176.15853768310467, "vol_usd": 14.549999999999272, "timestamp": 1764051706.6227155}, {"type": "trade", "source": "Binance", "user": "daily hustler ", "price": 175.5784437078807, "vol_usd": 18149.14, "timestamp": 1764051706.6227467}, {"type": "trade", "source": "Binance", "user": "daily hustler ", "price": 175.5784437078807, "vol_usd": 4761.830000000002, "timestamp": 1764051706.6227553}, {"type": "trade", "source": "Binance", "user": "Eye-Trader", "price": 174.63829140320732, "vol_usd": 866.6000000000004, "timestamp": 1764051706.6228564}, {"type": "trade", "source": "Binance", "user": "ETHIO USD", "price": 174.63829140320732, "vol_usd": 778.3099999999977, "timestamp": 1764051706.6228702}, {"type": "trade", "source": "Binance", "user": "ETHIO USD", "price": 174.63829140320732, "vol_usd": 3982.779999999999, "timestamp": 1764051706.6228786}, {"type": "trade", "source": "Binance", "user": "ETHIO_TRADER_01", "price": 176.33556865745533, "vol_usd": 78.09999999999854, "timestamp": 1764052786.3017392}, {"type": "trade", "source": "Binance", "user": "HT2424", "price": 176.32556720724506, "vol_usd": 6723.43, "timestamp": 1764052786.301779}, {"type": "trade", "source": "Binance", "user": "AaaaaaaaFast", "price": 176.32556720724506, "vol_usd": 43.20999999999913, "timestamp": 1764052786.301799}, {"type": "trade", "source": "Binance", "user": "McM p7", "price": 176.32556720724506, "vol_usd": 43579.770000000004, "timestamp": 1764052786.301807}, {"type": "trade", "source": "Binance", "user": "SKY-blue77", "price": 176.32556720724506, "vol_usd": 22164.809999999998, "timestamp": 1764052786.3018162}, {"type": "trade", "source": "Binance", "user": "sayid12", "price": 176.32556720724506, "vol_usd": 19.400000000001455, "timestamp": 1764052786.3018405}, {"type": "trade", "source": "Binance", "user": "Aslam72", "price": 176.32556720724506, "vol_usd": 9545.330000000002, "timestamp": 1764052786.3018496}, {"type": "trade", "source": "Binance", "user": "ETHO  KENYAA", "price": 176.32556720724506, "vol_usd": 300.1199999999999, "timestamp": 1764052786.3018575}, {"type": "trade", "source": "Binance", "user": "Always-trade", "price": 176.32556720724506, "vol_usd": 1305056.65, "timestamp": 1764052786.30187}, {"type": "trade", "source": "Binance", "user": "Amana_Traders ", "price": 176.32556720724506, "vol_usd": 8264.689999999988, "timestamp": 1764052786.3018794}, {"type": "trade", "source": "Binance", "user": "Zenith-UA", "price": 176.32556720724506, "vol_usd": 21.290000000000873, "timestamp": 1764052786.301909}, {"type": "trade", "source": "Binance", "user": "Ambasel ", "price": 176.32556720724506, "vol_usd": 148142.56999999998, "timestamp": 1764052786.30193}, {"type": "trade", "source": "Binance", "user": "MAYA-Bit", "price": 176.32556720724506, "vol_usd": 3486.8099999999977, "timestamp": 1764052786.3019462}, {"type": "trade", "source": "Binance", "user": "daily hustler ", "price": 175.575458441474, "vol_usd": 18149.14, "timestamp": 1764052786.3020074}, {"type": "trade", "source": "Binance", "user": "daily hustler ", "price": 175.575458441474, "vol_usd": 4761.830000000002, "timestamp": 1764052786.3020263}, {"type": "trade", "source": "Binance", "user": "IamH21", "price": 175.54545409084318, "vol_usd": 33.74000000000001, "timestamp": 1764052786.302058}, {"type": "trade", "source": "Binance", "user": "Eye-Trader", "price": 174.63532212170765, "vol_usd": 866.6000000000004, "timestamp": 1764052786.3021626}, {"type": "trade", "source": "Binance", "user": "ETHIO USD", "price": 174.63532212170765, "vol_usd": 778.3099999999977, "timestamp": 1764052786.3021843}, {"type": "trade", "source": "Binance", "user": "ETHIO USD", "price": 174.63532212170765, "vol_usd": 3982.779999999999, "timestamp": 1764052786.302193}]